<record><leader>00000cas a22000007a 4500</leader><controlfield tag="001">22839614</controlfield><controlfield tag="008">901212d189u19uunyuwr ne      0    0eng d</controlfield><datafield ind1=" " ind2=" " tag="010"><subfield code="a">sn 90066605 </subfield></datafield><datafield ind1=" " ind2=" " tag="040"><subfield code="a">NYS</subfield><subfield code="b">eng</subfield><subfield code="c">NYS</subfield><subfield code="d">OCLCQ</subfield></datafield><datafield ind1=" " ind2=" " tag="042"><subfield code="a">msc</subfield></datafield><datafield ind1="0" ind2="0" tag="245"><subfield code="a">DeRuyter gleaner.</subfield></datafield><datafield ind1="3" ind2="0" tag="246"><subfield code="a">De Ruyter gleaner</subfield></datafield><datafield ind1=" " ind2=" " tag="260"><subfield code="a">DeRuyter, N.Y. :</subfield><subfield code="b">W.W. Ames</subfield></datafield><datafield ind1=" " ind2=" " tag="300"><subfield code="a">v. ;</subfield><subfield code="c">56 cm.</subfield></datafield><datafield ind1=" " ind2=" " tag="310"><subfield code="a">Weekly</subfield></datafield><datafield ind1=" " ind2=" " tag="500"><subfield code="a">Publishers: W.W. Ames, &lt;1899-1905&gt;; Cliffort W. Ames, &lt;1929&gt;; Gordon T. Law, &lt;1958&gt;.</subfield></datafield><datafield ind1=" " ind2=" " tag="588"><subfield code="a">Description based on: Vol. 22, no. 12 (Nov. 9, 1899).</subfield></datafield><datafield ind1=" " ind2="4" tag="651"><subfield code="a">DeRuyter (N.Y.)</subfield><subfield code="v">Newspapers.</subfield></datafield><datafield ind1=" " ind2=" " tag="752"><subfield code="a">United States</subfield><subfield code="b">New York</subfield><subfield code="c">Madison</subfield><subfield code="d">DeRuyter.</subfield></datafield><datafield ind1="0" ind2="0" tag="780"><subfield code="t">Weekly gleaner (DeRuyter, N.Y. : 1892)</subfield><subfield code="w">(DLC)sn 91066340</subfield><subfield code="w">(OCoLC)24018131</subfield></datafield><datafield ind1="1" ind2=" " tag="029"><subfield code="a">AU@</subfield><subfield code="b">000025871668</subfield></datafield></record>